@BOOK{JNea13,
  title = {The Essence of Software Engineering},
  publisher = {Addison Wesley},
  year = {2013},
  author = {Ivar Jacobsen and Pan-Wei Ng and Paul E. McMahon and Ian Spence and Svante Lidman},
  note   = {Pre-publication draft}
}

@MISC{JMS09,
  author = {Ivar Jacobsen and Bertrand Meyer and Richard Soley},
  title = {The {SEMAT} Initiative: A Call for Action},
  howpublished = {Dr. Dobb's Journal},
  month = dec,
  year = {2009},
  note = {http://www.ddj.com/architect/222001342}
}

@MISC{JaSp09,
  author = {Ivar Jacobsen and Ian Spence},
  title = {Why We Need a Theory for Software Engineering},
  howpublished = {Dr. Dobb's Journal},
  month = oct,
  year = {2009},
  note = {http://www.ddj.com/architect/220300840}
}

@BOOK{Bjo06a,
  title = {Software Engineering 1},
  publisher = {Springer},
  year = {2006},
  author = {Dines Bj{{\o}}rner}
}